@book{fortescue2011spacecraft,
  title={Spacecraft Systems Engineering},
  author={Fortescue, P. and Swinerd, G. and Stark, J.},
  isbn={9781119978367},
  url={http://books.google.nl/books?id=cCYP0rVR\_IEC},
  year={2011},
  publisher={John Wiley \& Sons}
}
@book{wertz1999space,
  title={Space Mission Analysis and Design},
  author={Wertz, J.R. and Larson, W.J.},
  isbn={9780792359012},
  lccn={2005283477},
  series={Space Technology Library},
  url={http://books.google.nl/books?id=QJanyiWfvXMC},
  year={1999},
  publisher={Springer}
}
@misc{nasaeuropa,
  title={Europa: Facts \& Figures},
  author={NASA},
  publisher={NASA},
  howpublished={\url{http://solarsystem.nasa.gov/planets/profile.cfm?Object=Jup_Europa&Display=Facts&System=Metric}}
}